<?xml version="1.0" encoding="UTF-8"?><collection><record><leader>07186ntm a2200613 a 4500</leader><controlfield tag="001">006805280</controlfield><controlfield tag="003">MiAaHDL</controlfield><controlfield tag="005">20190719000000.0</controlfield><controlfield tag="006">m        d        </controlfield><controlfield tag="007">cr bn ---auaua</controlfield><controlfield tag="008">090530s1794    xx            00| ||ara d</controlfield><datafield tag="035" ind1=" " ind2=" "><subfield code="a">(MiU)006805280</subfield></datafield><datafield tag="035" ind1=" " ind2=" "><subfield code="a">sdr-miu006805280</subfield></datafield><datafield tag="040" ind1=" " ind2=" "><subfield code="a">MiU</subfield><subfield code="c">MiU</subfield><subfield code="e">amremm</subfield></datafield><datafield tag="043" ind1=" " ind2=" "><subfield code="a">n-us-mi</subfield></datafield><datafield tag="100" ind1="0" ind2=" "><subfield code="6">880-01</subfield><subfield code="a">Muḥammad ibn Ḥusayn ibn Maḥmūd al-Sīnūbī,</subfield><subfield code="d">fl. 1728.</subfield></datafield><datafield tag="245" ind1="1" ind2="3"><subfield code="6">880-03</subfield><subfield code="a">al-Ḥāshiyah al-ʻAwnīyah ʻalá Risālat Ṭash Kuprī Zādah fī ʻilm adab al-baḥth,</subfield><subfield code="f">[1208, i.e. 1794].</subfield></datafield><datafield tag="246" ind1="3" ind2=" "><subfield code="a">Hâşiyetüʼl-Avnîye</subfield></datafield><datafield tag="246" ind1="3" ind2=" "><subfield code="i">Title from opening matter (preface) on p.6:</subfield><subfield code="a">حاشية العونية على السالة الطاش الكبرى</subfield></datafield><datafield tag="246" ind1="3" ind2=" "><subfield code="i">Title from heading on p.6:</subfield><subfield code="a">عونيه</subfield></datafield><datafield tag="260" ind1=" " ind2=" "><subfield code="a">[1794].</subfield></datafield><datafield tag="300" ind1=" " ind2=" "><subfield code="a">64 leaves :</subfield><subfield code="b">paper ;</subfield><subfield code="c">222 x 165 (144 x 72) mm.</subfield></datafield><datafield tag="500" ind1=" " ind2=" "><subfield code="a">Shelfmark: Ann Arbor, University of Michigan, Special Collections Library, Isl. Ms. 594</subfield></datafield><datafield tag="500" ind1=" " ind2=" "><subfield code="a">Origin: As appears in colophon on p.129, transcription completed 19 Shaʻbān 1208 [ca. 22 March 1794]. Date composition completed given as 1141 [1728 or 9].</subfield></datafield><datafield tag="500" ind1=" " ind2=" "><subfield code="a">Accompanying materials: Acquisitions slip from Yahuda (paginated pp.1-2).</subfield></datafield><datafield tag="500" ind1=" " ind2=" "><subfield code="a">Former shelfmark: From interior of upper cover and spine label "IL 94" (likely supplied by Yahuda, see acquisitions slip).</subfield></datafield><datafield tag="500" ind1=" " ind2=" "><subfield code="a">Binding: Pasteboards covered in block-printed paper (floral vegetal design in blue and red with white dots on a bright orange ground) with dark red and bright red leathers over spine, fore edge flap, and edges / turn-ins (framed binding) ; Type II binding (with flap) ; board linings in untinted laid paper ; sewing mainly gone, stab sewn ; overall in somewhat poor condition with much abrasion, some lifting and losses of paper and leather, etc.</subfield></datafield><datafield tag="500" ind1=" " ind2=" "><subfield code="a">Support: European laid paper ; one type with 9 laid lines per cm. (vertical), chain lines spaced 30 mm. apart (horizontal), and grapes on stem watermark (see p.60, 61, etc.), thin and transluscent, crisp though sturdy, well-burnished ; another type with 11 laid lines per cm. (vertical), chain lines spaced 22-24 mm. apart (horizontal), quadraped (lion?) watermark (see p.124, 125, etc.) and "M M" countermark (in p.122) ; some leaves possibly tinted a faint blue ; some pigment burn (even breakthrough in opening leaf).</subfield></datafield><datafield tag="500" ind1=" " ind2=" "><subfield code="a">Decoration: Written area of incipit and facing page surrounded by gold frame, elsewhere written area surrounded by red rule-border ; overlining in red.</subfield></datafield><datafield tag="500" ind1=" " ind2=" "><subfield code="a">Script: Naskh ; fine, compact Turkish hand ; partially seriffed with right-sloping head-serif mainly on lām of definite article, effect of tilt to the left, curvilinear descenders, pointing in strokes or conjoined dots.</subfield></datafield><datafield tag="500" ind1=" " ind2=" "><subfield code="a">Layout: Written in 23 lines per page ; frame-ruled.</subfield></datafield><datafield tag="500" ind1=" " ind2=" "><subfield code="a">Collation: i, 8 IV(64), i ; exclusively quaternions ; catchwords present ; pagination in pencil, Western numerals, supplied during digitization (includes inserts and flyleaves).</subfield></datafield><datafield tag="500" ind1=" " ind2=" "><subfield code="a">Colophon: "Authorial," reads "بالله وفقنا لختمه في سنة احد واربعين بعد الالف والمائة اللهم انفعنا به والطلبة العلوم" ; "Scribal," reads "تمت هذه الرسالة السنة ثمان مائتين والف في اليوم الشعبان المبراك تسع عشر م م م"</subfield></datafield><datafield tag="500" ind1=" " ind2=" "><subfield code="a">Explicit: "في كل باب اي من حال من الاحوال تمت الرسالة مع شرحه لكن في بعض نسخ المتن وقع بدل قوله وهذا الذي ذكرنا اه هكذا وهذا غاية ما اوردناه في هذا الباب ومن الحق الهام الصواب الحمد لله الذي وفقنا لهذا التأليف بمحض لطفه وكرمه وما توفيقي الا بالله توكلت على الله واليه انيب"</subfield></datafield><datafield tag="500" ind1=" " ind2=" "><subfield code="a">Incipit: "الحمد لله الذي عين البحث علم الاداب وعلم فيه طريق السؤال والجواب ... وبعد فيقول العبد الفقير الى عفو ربه القدير الشيخ محمد بن حسين بن محمود السينوبي مولدا الادرنوي موطنا ... لما رأيت هذا الكتاب للمؤمن المحقق ... احمد المشتهر بين الافاضل باسم طاش كبرى ... مرغوبا بين المحققين ومتداولا بين المحصلين وقع [ومع] ذلك كان بعض المواضع منه مشكلا على المتعلمين ... اردت مع قلة بضاعتي بل عدم استطاعتي ان اكتب حاشية موضحة بجميع عباراته ... وسميتها بالحاشية العونية على الرسالة الطاش الكبرى ..."</subfield></datafield><datafield tag="500" ind1=" " ind2=" "><subfield code="a">Title from inscription on front flyleaf (p.3).</subfield></datafield><datafield tag="500" ind1=" " ind2=" "><subfield code="a">Ms. codex.</subfield></datafield><datafield tag="510" ind1="4" ind2=" "><subfield code="a">Gazioğlu, Ahmet C. The Turks in Cyprus: a province of the Ottoman Empire (1571-1878). London: K. Rustem &amp; Brother, 1990,</subfield><subfield code="c">pp.293-295</subfield></datafield><datafield tag="510" ind1="4" ind2=" "><subfield code="a">Bursalı Mehmet Tahir. Osmanlı müellifleri (1971),</subfield><subfield code="c">v. 2, p.153 [Hilmi Hasan Efendi (Kıbrıs Müftüsü)]</subfield></datafield><datafield tag="510" ind1="4" ind2=" "><subfield code="a">Bursalı Mehmet Tahir. Osmanlı müellifleri (1971),</subfield><subfield code="c">v. 1, p. 454 (Taşköprüzade Ahmed Efendi)</subfield></datafield><datafield tag="510" ind1="4" ind2=" "><subfield code="a">Brockelmann, C. GAL,</subfield><subfield code="c">II 426 (no.13)</subfield></datafield><datafield tag="520" ind1="8" ind2=" "><subfield code="a">Fine copy of the gloss by Muḥammad ibn Ḥusayn ibn Maḥmūd al-Sīnūbī al-Adirnawī (Mehmet b. Hüseyin b. Mahmut Sînobî Edirnevî) upon the treatise on disputation (ādāb al-baḥth) by Taşköprüzade (Taşköprülüzade) İsamettin Ahmet Efendi (d.1561).</subfield></datafield><datafield tag="538" ind1=" " ind2=" "><subfield code="a">Mode of access: Internet.</subfield></datafield><datafield tag="541" ind1=" " ind2=" "><subfield code="a">Acquired in 1926 from the bookseller Isaac Benjamin S.E. Yahuda via purchase transacted on his behalf by Abraham Shalom Yahuda (1877-1951), his younger brother.</subfield></datafield><datafield tag="546" ind1=" " ind2=" "><subfield code="a">Arabic.</subfield></datafield><datafield tag="561" ind1=" " ind2=" "><subfield code="a">Ownership statement on front flyleaf (p.3) dated 1265 [1848 or 9] in name of Mehmet Sait Mevla Hasan Hilmi (Muḥammad Saʻīd Mawlá Ḥasan Ḥilmī al-Muftī al-Qubrusī ; محمد سعيد مولى حسن حلمى المفتي القبرسى ; perhaps relation of the famous poet and müftü in Cyprus Hasan Hilmi Efendi who died just a year prior in 1847), accompanied by oval seal impression ; on 'title page' (p.5) oval seal impression or stamp in purple ink dated 1313 [1895 or 6] and reading "معاينة اولنمشدر طرابلس شام ١٣١٣" ; occasional marginal corrections.</subfield></datafield><datafield tag="600" ind1="1" ind2="0"><subfield code="a">Ṭāshkubrīʹzādah, Aḥmad ibn Muṣṭafá,</subfield><subfield code="d">1495-1561.</subfield><subfield code="t">Risālah fī ʻilm ādāb al-baḥth.</subfield></datafield><datafield tag="650" ind1=" " ind2="0"><subfield code="a">Manuscripts, Arabic</subfield><subfield code="z">Michigan</subfield><subfield code="z">Ann Arbor.</subfield></datafield><datafield tag="650" ind1=" " ind2="0"><subfield code="a">Dialectic</subfield><subfield code="v">Early works to 1800.</subfield></datafield><datafield tag="700" ind1="0" ind2=" "><subfield code="6">880-05</subfield><subfield code="a">Mehmet Sait Mevla Hasan Hilmi,</subfield><subfield code="d">fl. 1848,</subfield><subfield code="e">former owner.</subfield></datafield><datafield tag="773" ind1="0" ind2=" "><subfield code="a">Yahuda Collection.</subfield></datafield><datafield tag="880" ind1="0" ind2=" "><subfield code="6">700-05/</subfield><subfield code="a">محمد سعيد مولى حسن حلمي,</subfield><subfield code="e">ناسخ.</subfield></datafield><datafield tag="880" ind1="1" ind2="2"><subfield code="6">245-03/</subfield><subfield code="a">الحاشية العونية على رسالة طاش كپرى زاده في علم ادب البحث,</subfield><subfield code="f">[1208ه، 1794م].</subfield></datafield><datafield tag="880" ind1="0" ind2=" "><subfield code="6">100-01/</subfield><subfield code="a">محمد بن حسين بن محمود السينوبي.</subfield></datafield><datafield tag="CID" ind1=" " ind2=" "><subfield code="a">006805280</subfield></datafield><datafield tag="DAT" ind1="0" ind2=" "><subfield code="a">20190719102637.0</subfield><subfield code="b">20190719000000.0</subfield></datafield><datafield tag="DAT" ind1="1" ind2=" "><subfield code="a">20190719090653.0</subfield><subfield code="b">2019-07-19T16:11:40Z</subfield></datafield><datafield tag="DAT" ind1="2" ind2=" "><subfield code="a">2015-10-10T18:00:06Z</subfield></datafield><datafield tag="CAT" ind1=" " ind2=" "><subfield code="a">SDR-MIU</subfield><subfield code="d">EX LIBRIS - ALEPH</subfield><subfield code="l">prepare.pl-004-008</subfield></datafield><datafield tag="FMT" ind1=" " ind2=" "><subfield code="a">BK</subfield></datafield><datafield tag="HOL" ind1=" " ind2=" "><subfield code="0">sdr-miu006805280</subfield><subfield code="a">MiU</subfield><subfield code="b">SDR</subfield><subfield code="c">MIU</subfield><subfield code="p">mdp.39015079127216</subfield><subfield code="s">MIU</subfield><subfield code="1">006805280</subfield></datafield><datafield tag="974" ind1=" " ind2=" "><subfield code="b">MIU</subfield><subfield code="c">MIU</subfield><subfield code="d">20190719</subfield><subfield code="s">lit-dlps-dc</subfield><subfield code="u">mdp.39015079127216</subfield><subfield code="y">1794</subfield><subfield code="r">pd</subfield><subfield code="q">bib</subfield><subfield code="t">non-US bib date1 &lt; 1879</subfield></datafield></record></collection>